<?xml version="1.0" encoding="UTF-8"?><collection xmlns="http://www.loc.gov/MARC21/slim"><record><leader>00469nam--2200145-i-4500</leader><controlfield tag="001">000002290</controlfield><controlfield tag="002">20161230</controlfield><controlfield tag="005">20161230201024</controlfield><controlfield tag="008">060222s1000------------r-----000-0-eng-d</controlfield><datafield ind1=" " ind2=" " tag="080"><subfield code="a">0517.518.155(043)</subfield></datafield><datafield ind1=" " ind2=" " tag="100"><subfield code="a">Filipczak, M. F</subfield></datafield><datafield ind1=" " ind2=" " tag="245"><subfield code="a">Sur la structure de l ensemble des points ou une function continue n admet pas de derivee symetrique</subfield></datafield><datafield ind1=" " ind2=" " tag="260"><subfield code="a">Warszawa, 1976, Panstwowo Wydawnictwe Naukowo 54 P</subfield></datafield><datafield ind1=" " ind2=" " tag="490"><subfield code="a">Dissdrtationes Mathematicae Cxxx</subfield></datafield><datafield ind1=" " ind2=" " tag="852"><subfield code="a">7385</subfield></datafield></record></collection>